<record><leader>00000cas a22000007a 4500</leader><controlfield tag="001">12059626</controlfield><controlfield tag="008">850521d18841888nyuwr ne      0    0eng d</controlfield><datafield ind1=" " ind2=" " tag="010"><subfield code="a">sn 85054488 </subfield></datafield><datafield ind1=" " ind2=" " tag="040"><subfield code="a">NYG</subfield><subfield code="b">eng</subfield><subfield code="c">NYG</subfield><subfield code="d">NYS</subfield><subfield code="d">MGN</subfield><subfield code="d">OCLCQ</subfield></datafield><datafield ind1=" " ind2=" " tag="042"><subfield code="a">msc</subfield></datafield><datafield ind1="0" ind2="0" tag="245"><subfield code="a">Elmira morning telegram.</subfield></datafield><datafield ind1="1" ind2="7" tag="246"><subfield code="a">Morning telegram</subfield><subfield code="f">&lt;1886&gt;</subfield></datafield><datafield ind1=" " ind2=" " tag="260"><subfield code="a">Elmira, N.Y. :</subfield><subfield code="b">Telegram Co.</subfield></datafield><datafield ind1=" " ind2=" " tag="300"><subfield code="a">v. :</subfield><subfield code="b">ill. ;</subfield><subfield code="c">57 cm.</subfield></datafield><datafield ind1=" " ind2=" " tag="310"><subfield code="a">Weekly</subfield></datafield><datafield ind1="1" ind2=" " tag="362"><subfield code="a">Began in 1884.</subfield></datafield><datafield ind1="0" ind2=" " tag="362"><subfield code="a">-v. 9, no. 44 (Feb. 26, 1888).</subfield></datafield><datafield ind1=" " ind2=" " tag="530"><subfield code="a">Available on microfilm from Micro Photo Division, Bell and Howell.</subfield></datafield><datafield ind1=" " ind2=" " tag="588"><subfield code="a">Description based on: Vol. 6, no. 3 (May 17, 1884).</subfield></datafield><datafield ind1=" " ind2="4" tag="651"><subfield code="a">Elmira (N.Y.)</subfield><subfield code="v">Newspapers.</subfield></datafield><datafield ind1=" " ind2=" " tag="752"><subfield code="a">United States</subfield><subfield code="b">New York</subfield><subfield code="c">Chemung</subfield><subfield code="d">Elmira.</subfield></datafield><datafield ind1="0" ind2=" " tag="775"><subfield code="t">Elmira telegram (Elmira, N.Y. : Binghamton ed.)</subfield><subfield code="w">(DLC)sn 91066178</subfield></datafield><datafield ind1="0" ind2="0" tag="780"><subfield code="t">Sunday morning telegram (Elmira, N.Y.)</subfield><subfield code="w">(DLC)sn 85054487</subfield></datafield><datafield ind1="0" ind2="0" tag="785"><subfield code="t">Elmira telegram (Elmira, N.Y. : Elmira ed.)</subfield><subfield code="w">(DLC)sn 85054489</subfield></datafield><datafield ind1="1" ind2=" " tag="029"><subfield code="a">AU@</subfield><subfield code="b">000020380707</subfield></datafield></record>